<?xml version="1.0" encoding="UTF-8"?><record xmlns="http://www.loc.gov/MARC21/slim" xmlns:cinclude="http://apache.org/cocoon/include/1.0" xmlns:zs="http://www.loc.gov/zing/srw/">
  <leader>00659cz  a2200157n  4500</leader>
  <controlfield tag="001">no 98132466 </controlfield>
  <controlfield tag="003">DLC</controlfield>
  <controlfield tag="005">20130315110457.0</controlfield>
  <controlfield tag="008">981221n| azannaab           |b ana     c</controlfield>
  <datafield tag="010" ind1=" " ind2=" ">
    <subfield code="a">no 98132466 </subfield>
  </datafield>
  <datafield tag="035" ind1=" " ind2=" ">
    <subfield code="a">(OCoLC)oca04886011</subfield>
  </datafield>
  <datafield tag="040" ind1=" " ind2=" ">
    <subfield code="a">O</subfield>
    <subfield code="b">eng</subfield>
    <subfield code="e">rda</subfield>
    <subfield code="c">O</subfield>
    <subfield code="d">DLC</subfield>
  </datafield>
  <datafield tag="110" ind1="1" ind2=" ">
    <subfield code="a">Ohio.</subfield>
    <subfield code="b">Department of Transportation.</subfield>
    <subfield code="b">Office of Economic Development</subfield>
  </datafield>
  <datafield tag="410" ind1="1" ind2=" ">
    <subfield code="w">nnea</subfield>
    <subfield code="a">Ohio.</subfield>
    <subfield code="b">Dept. of Transportation.</subfield>
    <subfield code="b">Office of Economic Development</subfield>
  </datafield>
  <datafield tag="510" ind1="1" ind2=" ">
    <subfield code="w">r</subfield>
    <subfield code="i">Hierarchical superior:</subfield>
    <subfield code="a">Ohio.</subfield>
    <subfield code="b">Department of Transportation</subfield>
  </datafield>
  <datafield tag="670" ind1=" " ind2=" ">
    <subfield code="a">Eval. of the Innov. Finance Test and Eval. Project ... 1996:</subfield>
    <subfield code="b">cover (prepared for Ohio Dept. of Transportation, Office of Economic Development)</subfield>
  </datafield>
</record>